[
    {
        "id": 13915,
        "price": "0.05767000",
        "qty": "0.16830000",
        "quoteQty": "0.00970586",
        "time": 1697104845778,
        "isBuyerMaker": true,
        "isBestMatch": true,
        "symbol": "ETHBTC"
    },
    {
        "id": 13916,
        "price": "0.05766000",
        "qty": "0.12670000",
        "quoteQty": "0.00730552",
        "time": 1697104848786,
        "isBuyerMaker": true,
        "isBestMatch": true,
        "symbol": "ETHBTC"
    },
    {
        "id": 13917,
        "price": "0.05766000",
        "qty": "0.16130000",
        "quoteQty": "0.00930055",
        "time": 1697104851178,
        "isBuyerMaker": true,
        "isBestMatch": true,
        "symbol": "ETHBTC"
    },
    {
        "id": 13918,
        "price": "0.05767000",
        "qty": "0.09200000",
        "quoteQty": "0.00530564",
        "time": 1697104885223,
        "isBuyerMaker": false,
        "isBestMatch": true,
        "symbol": "ETHBTC"
    },
    {
        "id": 13919,
        "price": "0.05768000",
        "qty": "0.09020000",
        "quoteQty": "0.00520273",
        "time": 1697104889196,
        "isBuyerMaker": false,
        "isBestMatch": true,
        "symbol": "ETHBTC"
    },
    {
        "id": 13920,
        "price": "0.05769000",
        "qty": "0.15610000",
        "quoteQty": "0.00900540",
        "time": 1697104908779,
        "isBuyerMaker": true,
        "isBestMatch": true,
        "symbol": "ETHBTC"
    },
    {
        "id": 13921,
        "price": "0.05769000",
        "qty": "0.09540000",
        "quoteQty": "0.00550362",
        "time": 1697104908791,
        "isBuyerMaker": true,
        "isBestMatch": true,
        "symbol": "ETHBTC"
    },
    {
        "id": 13922,
        "price": "0.05769000",
        "qty": "0.08850000",
        "quoteQty": "0.00510556",
        "time": 1697104911452,
        "isBuyerMaker": true,
        "isBestMatch": true,
        "symbol": "ETHBTC"
    },
    {
        "id": 13923,
        "price": "0.05769000",
        "qty": "0.14390000",
        "quoteQty": "0.00830159",
        "time": 1697104911459,
        "isBuyerMaker": true,
        "isBestMatch": true,
        "symbol": "ETHBTC"
    },
    {
        "id": 13924,
        "price": "0.05769000",
        "qty": "0.09720000",
        "quoteQty": "0.00560746",
        "time": 1697104912994,
        "isBuyerMaker": true,
        "isBestMatch": true,
        "symbol": "ETHBTC"
    },
    {
        "id": 13925,
        "price": "0.05769000",
        "qty": "0.14050000",
        "quoteQty": "0.00810544",
        "time": 1697104913000,
        "isBuyerMaker": true,
        "isBestMatch": true,
        "symbol": "ETHBTC"
    },
    {
        "id": 13926,
        "price": "0.05769000",
        "qty": "0.14050000",
        "quoteQty": "0.00810544",
        "time": 1697104914769,
        "isBuyerMaker": true,
        "isBestMatch": true,
        "symbol": "ETHBTC"
    },
    {
        "id": 13927,
        "price": "0.05769000",
        "qty": "0.14740000",
        "quoteQty": "0.00850350",
        "time": 1697104914775,
        "isBuyerMaker": true,
        "isBestMatch": true,
        "symbol": "ETHBTC"
    },
    {
        "id": 13928,
        "price": "0.05769000",
        "qty": "0.04060000",
        "quoteQty": "0.00234221",
        "time": 1697104916176,
        "isBuyerMaker": true,
        "isBestMatch": true,
        "symbol": "ETHBTC"
    },
    {
        "id": 13929,
        "price": "0.05765000",
        "qty": "0.10760000",
        "quoteQty": "0.00620314",
        "time": 1697104923230,
        "isBuyerMaker": true,
        "isBestMatch": true,
        "symbol": "ETHBTC"
    },
    {
        "id": 13930,
        "price": "0.05765000",
        "qty": "0.10590000",
        "quoteQty": "0.00610513",
        "time": 1697104924771,
        "isBuyerMaker": true,
        "isBestMatch": true,
        "symbol": "ETHBTC"
    },
    {
        "id": 13931,
        "price": "0.05765000",
        "qty": "0.13710000",
        "quoteQty": "0.00790381",
        "time": 1697104926294,
        "isBuyerMaker": true,
        "isBestMatch": true,
        "symbol": "ETHBTC"
    },
    {
        "id": 13932,
        "price": "0.05765000",
        "qty": "0.10240000",
        "quoteQty": "0.00590336",
        "time": 1697104927548,
        "isBuyerMaker": true,
        "isBestMatch": true,
        "symbol": "ETHBTC"
    },
    {
        "id": 13933,
        "price": "0.05765000",
        "qty": "0.14400000",
        "quoteQty": "0.00830160",
        "time": 1697104928455,
        "isBuyerMaker": true,
        "isBestMatch": true,
        "symbol": "ETHBTC"
    },
    {
        "id": 13934,
        "price": "0.05765000",
        "qty": "0.14060000",
        "quoteQty": "0.00810559",
        "time": 1697104929833,
        "isBuyerMaker": true,
        "isBestMatch": true,
        "symbol": "ETHBTC"
    },
    {
        "id": 13935,
        "price": "0.05765000",
        "qty": "0.14750000",
        "quoteQty": "0.00850337",
        "time": 1697104930860,
        "isBuyerMaker": true,
        "isBestMatch": true,
        "symbol": "ETHBTC"
    },
    {
        "id": 13936,
        "price": "0.05765000",
        "qty": "0.08290000",
        "quoteQty": "0.00477918",
        "time": 1697104930872,
        "isBuyerMaker": true,
        "isBestMatch": true,
        "symbol": "ETHBTC"
    },
    {
        "id": 13937,
        "price": "0.05763000",
        "qty": "0.00510000",
        "quoteQty": "0.00029391",
        "time": 1697104946417,
        "isBuyerMaker": true,
        "isBestMatch": true,
        "symbol": "ETHBTC"
    },
    {
        "id": 13938,
        "price": "0.05763000",
        "qty": "0.13550000",
        "quoteQty": "0.00780886",
        "time": 1697104946417,
        "isBuyerMaker": true,
        "isBestMatch": true,
        "symbol": "ETHBTC"
    },
    {
        "id": 13939,
        "price": "0.05763000",
        "qty": "0.13370000",
        "quoteQty": "0.00770513",
        "time": 1697104947269,
        "isBuyerMaker": true,
        "isBestMatch": true,
        "symbol": "ETHBTC"
    },
    {
        "id": 13940,
        "price": "0.05763000",
        "qty": "0.12150000",
        "quoteQty": "0.00700204",
        "time": 1697104947969,
        "isBuyerMaker": true,
        "isBestMatch": true,
        "symbol": "ETHBTC"
    },
    {
        "id": 13941,
        "price": "0.05763000",
        "qty": "0.10760000",
        "quoteQty": "0.00620098",
        "time": 1697104949266,
        "isBuyerMaker": true,
        "isBestMatch": true,
        "symbol": "ETHBTC"
    },
    {
        "id": 13942,
        "price": "0.05763000",
        "qty": "0.16320000",
        "quoteQty": "0.00940521",
        "time": 1697104950069,
        "isBuyerMaker": true,
        "isBestMatch": true,
        "symbol": "ETHBTC"
    },
    {
        "id": 13943,
        "price": "0.05763000",
        "qty": "0.13710000",
        "quoteQty": "0.00790107",
        "time": 1697104950804,
        "isBuyerMaker": true,
        "isBestMatch": true,
        "symbol": "ETHBTC"
    },
    {
        "id": 13944,
        "price": "0.05763000",
        "qty": "0.16080000",
        "quoteQty": "0.00926690",
        "time": 1697104951895,
        "isBuyerMaker": true,
        "isBestMatch": true,
        "symbol": "ETHBTC"
    },
    {
        "id": 13945,
        "price": "0.05763000",
        "qty": "0.00410000",
        "quoteQty": "0.00023628",
        "time": 1697104955080,
        "isBuyerMaker": false,
        "isBestMatch": true,
        "symbol": "ETHBTC"
    },
    {
        "id": 13946,
        "price": "0.05764000",
        "qty": "0.01780000",
        "quoteQty": "0.00102599",
        "time": 1697104958611,
        "isBuyerMaker": false,
        "isBestMatch": true,
        "symbol": "ETHBTC"
    },
    {
        "id": 13947,
        "price": "0.05764000",
        "qty": "0.10590000",
        "quoteQty": "0.00610407",
        "time": 1697104960567,
        "isBuyerMaker": true,
        "isBestMatch": true,
        "symbol": "ETHBTC"
    },
    {
        "id": 13948,
        "price": "0.05764000",
        "qty": "0.10240000",
        "quoteQty": "0.00590233",
        "time": 1697104961700,
        "isBuyerMaker": true,
        "isBestMatch": true,
        "symbol": "ETHBTC"
    },
    {
        "id": 13949,
        "price": "0.05765000",
        "qty": "0.09370000",
        "quoteQty": "0.00540180",
        "time": 1697104964117,
        "isBuyerMaker": false,
        "isBestMatch": true,
        "symbol": "ETHBTC"
    },
    {
        "id": 13950,
        "price": "0.05766000",
        "qty": "0.09720000",
        "quoteQty": "0.00560455",
        "time": 1697104975657,
        "isBuyerMaker": false,
        "isBestMatch": true,
        "symbol": "ETHBTC"
    },
    {
        "id": 13951,
        "price": "0.05766000",
        "qty": "0.00270000",
        "quoteQty": "0.00015568",
        "time": 1697104975673,
        "isBuyerMaker": false,
        "isBestMatch": true,
        "symbol": "ETHBTC"
    },
    {
        "id": 13952,
        "price": "0.05767000",
        "qty": "0.15780000",
        "quoteQty": "0.00910032",
        "time": 1697104977770,
        "isBuyerMaker": true,
        "isBestMatch": true,
        "symbol": "ETHBTC"
    },
    {
        "id": 13953,
        "price": "0.05768000",
        "qty": "0.15960000",
        "quoteQty": "0.00920572",
        "time": 1697104979381,
        "isBuyerMaker": false,
        "isBestMatch": true,
        "symbol": "ETHBTC"
    },
    {
        "id": 13954,
        "price": "0.05769000",
        "qty": "0.17170000",
        "quoteQty": "0.00990537",
        "time": 1697104979381,
        "isBuyerMaker": false,
        "isBestMatch": true,
        "symbol": "ETHBTC"
    },
    {
        "id": 13955,
        "price": "0.05769000",
        "qty": "0.00510000",
        "quoteQty": "0.00029421",
        "time": 1697104979381,
        "isBuyerMaker": false,
        "isBestMatch": true,
        "symbol": "ETHBTC"
    },
    {
        "id": 13956,
        "price": "0.05770000",
        "qty": "0.01800000",
        "quoteQty": "0.00103860",
        "time": 1697104979381,
        "isBuyerMaker": false,
        "isBestMatch": true,
        "symbol": "ETHBTC"
    },
    {
        "id": 13957,
        "price": "0.05767000",
        "qty": "0.14400000",
        "quoteQty": "0.00830448",
        "time": 1697104979978,
        "isBuyerMaker": true,
        "isBestMatch": true,
        "symbol": "ETHBTC"
    },
    {
        "id": 13958,
        "price": "0.05768000",
        "qty": "0.08850000",
        "quoteQty": "0.00510468",
        "time": 1697104981288,
        "isBuyerMaker": false,
        "isBestMatch": true,
        "symbol": "ETHBTC"
    },
    {
        "id": 13959,
        "price": "0.05770000",
        "qty": "0.12760000",
        "quoteQty": "0.00736252",
        "time": 1697104992044,
        "isBuyerMaker": false,
        "isBestMatch": true,
        "symbol": "ETHBTC"
    },
    {
        "id": 13960,
        "price": "0.05771000",
        "qty": "0.12690000",
        "quoteQty": "0.00732339",
        "time": 1697104992044,
        "isBuyerMaker": false,
        "isBestMatch": true,
        "symbol": "ETHBTC"
    },
    {
        "id": 13961,
        "price": "0.05770000",
        "qty": "0.16820000",
        "quoteQty": "0.00970514",
        "time": 1697104993316,
        "isBuyerMaker": true,
        "isBestMatch": true,
        "symbol": "ETHBTC"
    },
    {
        "id": 13962,
        "price": "0.05770000",
        "qty": "0.10230000",
        "quoteQty": "0.00590271",
        "time": 1697104994691,
        "isBuyerMaker": true,
        "isBestMatch": true,
        "symbol": "ETHBTC"
    },
    {
        "id": 13963,
        "price": "0.05770000",
        "qty": "0.13180000",
        "quoteQty": "0.00760486",
        "time": 1697104995774,
        "isBuyerMaker": true,
        "isBestMatch": true,
        "symbol": "ETHBTC"
    },
    {
        "id": 13964,
        "price": "0.05770000",
        "qty": "0.14220000",
        "quoteQty": "0.00820494",
        "time": 1697105051224,
        "isBuyerMaker": true,
        "isBestMatch": true,
        "symbol": "ETHBTC"
    },
    {
        "id": 13965,
        "price": "0.05770000",
        "qty": "0.12830000",
        "quoteQty": "0.00740291",
        "time": 1697105052081,
        "isBuyerMaker": true,
        "isBestMatch": true,
        "symbol": "ETHBTC"
    },
    {
        "id": 13966,
        "price": "0.05770000",
        "qty": "0.16820000",
        "quoteQty": "0.00970514",
        "time": 1697105053314,
        "isBuyerMaker": true,
        "isBestMatch": true,
        "symbol": "ETHBTC"
    },
    {
        "id": 13967,
        "price": "0.05770000",
        "qty": "0.11450000",
        "quoteQty": "0.00660665",
        "time": 1697105054294,
        "isBuyerMaker": true,
        "isBestMatch": true,
        "symbol": "ETHBTC"
    },
    {
        "id": 13968,
        "price": "0.05770000",
        "qty": "0.06380000",
        "quoteQty": "0.00368126",
        "time": 1697105054948,
        "isBuyerMaker": true,
        "isBestMatch": true,
        "symbol": "ETHBTC"
    },
    {
        "id": 13969,
        "price": "0.05767000",
        "qty": "0.14570000",
        "quoteQty": "0.00840251",
        "time": 1697105062517,
        "isBuyerMaker": true,
        "isBestMatch": true,
        "symbol": "ETHBTC"
    },
    {
        "id": 13970,
        "price": "0.05767000",
        "qty": "0.11970000",
        "quoteQty": "0.00690309",
        "time": 1697105063786,
        "isBuyerMaker": true,
        "isBestMatch": true,
        "symbol": "ETHBTC"
    },
    {
        "id": 13971,
        "price": "0.05767000",
        "qty": "0.10580000",
        "quoteQty": "0.00610148",
        "time": 1697105065087,
        "isBuyerMaker": true,
        "isBestMatch": true,
        "symbol": "ETHBTC"
    },
    {
        "id": 13972,
        "price": "0.05767000",
        "qty": "0.09540000",
        "quoteQty": "0.00550171",
        "time": 1697105065742,
        "isBuyerMaker": true,
        "isBestMatch": true,
        "symbol": "ETHBTC"
    },
    {
        "id": 13973,
        "price": "0.05767000",
        "qty": "0.16480000",
        "quoteQty": "0.00950401",
        "time": 1697105066845,
        "isBuyerMaker": true,
        "isBestMatch": true,
        "symbol": "ETHBTC"
    },
    {
        "id": 13974,
        "price": "0.05767000",
        "qty": "0.11620000",
        "quoteQty": "0.00670125",
        "time": 1697105067412,
        "isBuyerMaker": true,
        "isBestMatch": true,
        "symbol": "ETHBTC"
    },
    {
        "id": 13975,
        "price": "0.05767000",
        "qty": "0.02150000",
        "quoteQty": "0.00123990",
        "time": 1697105068200,
        "isBuyerMaker": true,
        "isBestMatch": true,
        "symbol": "ETHBTC"
    },
    {
        "id": 13976,
        "price": "0.05765000",
        "qty": "0.09550000",
        "quoteQty": "0.00550557",
        "time": 1697105069249,
        "isBuyerMaker": true,
        "isBestMatch": true,
        "symbol": "ETHBTC"
    },
    {
        "id": 13977,
        "price": "0.05765000",
        "qty": "0.14060000",
        "quoteQty": "0.00810559",
        "time": 1697105070744,
        "isBuyerMaker": true,
        "isBestMatch": true,
        "symbol": "ETHBTC"
    },
    {
        "id": 13978,
        "price": "0.05765000",
        "qty": "0.10070000",
        "quoteQty": "0.00580535",
        "time": 1697105071741,
        "isBuyerMaker": true,
        "isBestMatch": true,
        "symbol": "ETHBTC"
    },
    {
        "id": 13979,
        "price": "0.05765000",
        "qty": "0.17180000",
        "quoteQty": "0.00990427",
        "time": 1697105071759,
        "isBuyerMaker": true,
        "isBestMatch": true,
        "symbol": "ETHBTC"
    },
    {
        "id": 13980,
        "price": "0.05765000",
        "qty": "0.10240000",
        "quoteQty": "0.00590336",
        "time": 1697105073806,
        "isBuyerMaker": true,
        "isBestMatch": true,
        "symbol": "ETHBTC"
    },
    {
        "id": 13981,
        "price": "0.05765000",
        "qty": "0.14230000",
        "quoteQty": "0.00820359",
        "time": 1697105073831,
        "isBuyerMaker": true,
        "isBestMatch": true,
        "symbol": "ETHBTC"
    },
    {
        "id": 13982,
        "price": "0.05765000",
        "qty": "0.12490000",
        "quoteQty": "0.00720048",
        "time": 1697105074583,
        "isBuyerMaker": true,
        "isBestMatch": true,
        "symbol": "ETHBTC"
    },
    {
        "id": 13983,
        "price": "0.05765000",
        "qty": "0.08360000",
        "quoteQty": "0.00481954",
        "time": 1697105076161,
        "isBuyerMaker": true,
        "isBestMatch": true,
        "symbol": "ETHBTC"
    },
    {
        "id": 13984,
        "price": "0.05764000",
        "qty": "0.12500000",
        "quoteQty": "0.00720500",
        "time": 1697105099034,
        "isBuyerMaker": true,
        "isBestMatch": true,
        "symbol": "ETHBTC"
    },
    {
        "id": 13985,
        "price": "0.05764000",
        "qty": "0.17360000",
        "quoteQty": "0.01000630",
        "time": 1697105100012,
        "isBuyerMaker": true,
        "isBestMatch": true,
        "symbol": "ETHBTC"
    },
    {
        "id": 13986,
        "price": "0.05764000",
        "qty": "0.14930000",
        "quoteQty": "0.00860565",
        "time": 1697105100904,
        "isBuyerMaker": true,
        "isBestMatch": true,
        "symbol": "ETHBTC"
    },
    {
        "id": 13987,
        "price": "0.05764000",
        "qty": "0.09200000",
        "quoteQty": "0.00530288",
        "time": 1697105102641,
        "isBuyerMaker": true,
        "isBestMatch": true,
        "symbol": "ETHBTC"
    },
    {
        "id": 13988,
        "price": "0.05764000",
        "qty": "0.14410000",
        "quoteQty": "0.00830592",
        "time": 1697105103420,
        "isBuyerMaker": true,
        "isBestMatch": true,
        "symbol": "ETHBTC"
    },
    {
        "id": 13989,
        "price": "0.05764000",
        "qty": "0.14230000",
        "quoteQty": "0.00820217",
        "time": 1697105104335,
        "isBuyerMaker": true,
        "isBestMatch": true,
        "symbol": "ETHBTC"
    },
    {
        "id": 13990,
        "price": "0.05763000",
        "qty": "0.00510000",
        "quoteQty": "0.00029391",
        "time": 1697105105356,
        "isBuyerMaker": true,
        "isBestMatch": true,
        "symbol": "ETHBTC"
    },
    {
        "id": 13991,
        "price": "0.05763000",
        "qty": "0.08870000",
        "quoteQty": "0.00511178",
        "time": 1697105105356,
        "isBuyerMaker": true,
        "isBestMatch": true,
        "symbol": "ETHBTC"
    },
    {
        "id": 13992,
        "price": "0.05763000",
        "qty": "0.14060000",
        "quoteQty": "0.00810277",
        "time": 1697105105364,
        "isBuyerMaker": true,
        "isBestMatch": true,
        "symbol": "ETHBTC"
    },
    {
        "id": 13993,
        "price": "0.05763000",
        "qty": "0.10770000",
        "quoteQty": "0.00620675",
        "time": 1697105106742,
        "isBuyerMaker": true,
        "isBestMatch": true,
        "symbol": "ETHBTC"
    },
    {
        "id": 13994,
        "price": "0.05763000",
        "qty": "0.14930000",
        "quoteQty": "0.00860415",
        "time": 1697105106757,
        "isBuyerMaker": true,
        "isBestMatch": true,
        "symbol": "ETHBTC"
    },
    {
        "id": 13995,
        "price": "0.05763000",
        "qty": "0.12500000",
        "quoteQty": "0.00720375",
        "time": 1697105107628,
        "isBuyerMaker": true,
        "isBestMatch": true,
        "symbol": "ETHBTC"
    },
    {
        "id": 13996,
        "price": "0.05763000",
        "qty": "0.08860000",
        "quoteQty": "0.00510601",
        "time": 1697105108160,
        "isBuyerMaker": true,
        "isBestMatch": true,
        "symbol": "ETHBTC"
    },
    {
        "id": 13997,
        "price": "0.05763000",
        "qty": "0.14240000",
        "quoteQty": "0.00820651",
        "time": 1697105108177,
        "isBuyerMaker": true,
        "isBestMatch": true,
        "symbol": "ETHBTC"
    },
    {
        "id": 13998,
        "price": "0.05762000",
        "qty": "0.15800000",
        "quoteQty": "0.00910396",
        "time": 1697105109065,
        "isBuyerMaker": true,
        "isBestMatch": true,
        "symbol": "ETHBTC"
    },
    {
        "id": 13999,
        "price": "0.05762000",
        "qty": "0.13370000",
        "quoteQty": "0.00770379",
        "time": 1697105110300,
        "isBuyerMaker": true,
        "isBestMatch": true,
        "symbol": "ETHBTC"
    },
    {
        "id": 14000,
        "price": "0.05762000",
        "qty": "0.13020000",
        "quoteQty": "0.00750212",
        "time": 1697105110791,
        "isBuyerMaker": true,
        "isBestMatch": true,
        "symbol": "ETHBTC"
    },
    {
        "id": 14001,
        "price": "0.05762000",
        "qty": "0.09030000",
        "quoteQty": "0.00520308",
        "time": 1697105111703,
        "isBuyerMaker": true,
        "isBestMatch": true,
        "symbol": "ETHBTC"
    },
    {
        "id": 14002,
        "price": "0.05762000",
        "qty": "0.12330000",
        "quoteQty": "0.00710454",
        "time": 1697105112582,
        "isBuyerMaker": true,
        "isBestMatch": true,
        "symbol": "ETHBTC"
    },
    {
        "id": 14003,
        "price": "0.05762000",
        "qty": "0.14930000",
        "quoteQty": "0.00860266",
        "time": 1697105113257,
        "isBuyerMaker": true,
        "isBestMatch": true,
        "symbol": "ETHBTC"
    },
    {
        "id": 14004,
        "price": "0.05762000",
        "qty": "0.10530000",
        "quoteQty": "0.00606738",
        "time": 1697105113967,
        "isBuyerMaker": true,
        "isBestMatch": true,
        "symbol": "ETHBTC"
    },
    {
        "id": 14005,
        "price": "0.05762000",
        "qty": "0.00240000",
        "quoteQty": "0.00013828",
        "time": 1697105114648,
        "isBuyerMaker": false,
        "isBestMatch": true,
        "symbol": "ETHBTC"
    },
    {
        "id": 14006,
        "price": "0.05763000",
        "qty": "0.00690000",
        "quoteQty": "0.00039764",
        "time": 1697105114648,
        "isBuyerMaker": false,
        "isBestMatch": true,
        "symbol": "ETHBTC"
    },
    {
        "id": 14007,
        "price": "0.05765000",
        "qty": "0.01710000",
        "quoteQty": "0.00098581",
        "time": 1697105114648,
        "isBuyerMaker": false,
        "isBestMatch": true,
        "symbol": "ETHBTC"
    },
    {
        "id": 14008,
        "price": "0.05765000",
        "qty": "0.02240000",
        "quoteQty": "0.00129136",
        "time": 1697105114648,
        "isBuyerMaker": false,
        "isBestMatch": true,
        "symbol": "ETHBTC"
    },
    {
        "id": 14009,
        "price": "0.05766000",
        "qty": "0.13550000",
        "quoteQty": "0.00781293",
        "time": 1697105114648,
        "isBuyerMaker": false,
        "isBestMatch": true,
        "symbol": "ETHBTC"
    },
    {
        "id": 14010,
        "price": "0.05762000",
        "qty": "0.13020000",
        "quoteQty": "0.00750212",
        "time": 1697105114968,
        "isBuyerMaker": true,
        "isBestMatch": true,
        "symbol": "ETHBTC"
    },
    {
        "id": 14011,
        "price": "0.05762000",
        "qty": "0.09720000",
        "quoteQty": "0.00560066",
        "time": 1697105115699,
        "isBuyerMaker": true,
        "isBestMatch": true,
        "symbol": "ETHBTC"
    },
    {
        "id": 14012,
        "price": "0.05762000",
        "qty": "0.15280000",
        "quoteQty": "0.00880433",
        "time": 1697105128398,
        "isBuyerMaker": true,
        "isBestMatch": true,
        "symbol": "ETHBTC"
    },
    {
        "id": 14013,
        "price": "0.05762000",
        "qty": "0.11810000",
        "quoteQty": "0.00680492",
        "time": 1697105130190,
        "isBuyerMaker": true,
        "isBestMatch": true,
        "symbol": "ETHBTC"
    },
    {
        "id": 14014,
        "price": "0.05762000",
        "qty": "0.16840000",
        "quoteQty": "0.00970320",
        "time": 1697105131387,
        "isBuyerMaker": true,
        "isBestMatch": true,
        "symbol": "ETHBTC"
    },
    {
        "id": 14015,
        "price": "0.05762000",
        "qty": "0.12330000",
        "quoteQty": "0.00710454",
        "time": 1697105131979,
        "isBuyerMaker": true,
        "isBestMatch": true,
        "symbol": "ETHBTC"
    },
    {
        "id": 14016,
        "price": "0.05762000",
        "qty": "0.06570000",
        "quoteQty": "0.00378563",
        "time": 1697105132901,
        "isBuyerMaker": true,
        "isBestMatch": true,
        "symbol": "ETHBTC"
    },
    {
        "id": 14017,
        "price": "0.05761000",
        "qty": "0.00180000",
        "quoteQty": "0.00010369",
        "time": 1697105145469,
        "isBuyerMaker": true,
        "isBestMatch": true,
        "symbol": "ETHBTC"
    },
    {
        "id": 14018,
        "price": "0.05761000",
        "qty": "0.09200000",
        "quoteQty": "0.00530012",
        "time": 1697105145469,
        "isBuyerMaker": true,
        "isBestMatch": true,
        "symbol": "ETHBTC"
    },
    {
        "id": 14019,
        "price": "0.05761000",
        "qty": "0.15630000",
        "quoteQty": "0.00900444",
        "time": 1697105146139,
        "isBuyerMaker": true,
        "isBestMatch": true,
        "symbol": "ETHBTC"
    },
    {
        "id": 14020,
        "price": "0.05761000",
        "qty": "0.08860000",
        "quoteQty": "0.00510424",
        "time": 1697105146679,
        "isBuyerMaker": true,
        "isBestMatch": true,
        "symbol": "ETHBTC"
    },
    {
        "id": 14021,
        "price": "0.05761000",
        "qty": "0.15450000",
        "quoteQty": "0.00890074",
        "time": 1697105147817,
        "isBuyerMaker": true,
        "isBestMatch": true,
        "symbol": "ETHBTC"
    },
    {
        "id": 14022,
        "price": "0.05761000",
        "qty": "0.13200000",
        "quoteQty": "0.00760452",
        "time": 1697105148262,
        "isBuyerMaker": true,
        "isBestMatch": true,
        "symbol": "ETHBTC"
    },
    {
        "id": 14023,
        "price": "0.05761000",
        "qty": "0.11980000",
        "quoteQty": "0.00690167",
        "time": 1697105148933,
        "isBuyerMaker": true,
        "isBestMatch": true,
        "symbol": "ETHBTC"
    },
    {
        "id": 14024,
        "price": "0.05761000",
        "qty": "0.09550000",
        "quoteQty": "0.00550175",
        "time": 1697105149503,
        "isBuyerMaker": true,
        "isBestMatch": true,
        "symbol": "ETHBTC"
    },
    {
        "id": 14025,
        "price": "0.05761000",
        "qty": "0.07420000",
        "quoteQty": "0.00427466",
        "time": 1697105150406,
        "isBuyerMaker": true,
        "isBestMatch": true,
        "symbol": "ETHBTC"
    },
    {
        "id": 14026,
        "price": "0.05761000",
        "qty": "0.04040000",
        "quoteQty": "0.00232744",
        "time": 1697105170103,
        "isBuyerMaker": false,
        "isBestMatch": true,
        "symbol": "ETHBTC"
    },
    {
        "id": 14027,
        "price": "0.05762000",
        "qty": "0.07490000",
        "quoteQty": "0.00431573",
        "time": 1697105176189,
        "isBuyerMaker": false,
        "isBestMatch": true,
        "symbol": "ETHBTC"
    },
    {
        "id": 14028,
        "price": "0.05763000",
        "qty": "0.03970000",
        "quoteQty": "0.00228791",
        "time": 1697105176189,
        "isBuyerMaker": false,
        "isBestMatch": true,
        "symbol": "ETHBTC"
    },
    {
        "id": 14029,
        "price": "0.05763000",
        "qty": "0.10070000",
        "quoteQty": "0.00580334",
        "time": 1697105176203,
        "isBuyerMaker": false,
        "isBestMatch": true,
        "symbol": "ETHBTC"
    },
    {
        "id": 14030,
        "price": "0.05765000",
        "qty": "0.12320000",
        "quoteQty": "0.00710248",
        "time": 1697105182884,
        "isBuyerMaker": false,
        "isBestMatch": true,
        "symbol": "ETHBTC"
    },
    {
        "id": 14031,
        "price": "0.05766000",
        "qty": "0.09890000",
        "quoteQty": "0.00570257",
        "time": 1697105196329,
        "isBuyerMaker": true,
        "isBestMatch": true,
        "symbol": "ETHBTC"
    },
    {
        "id": 14032,
        "price": "0.05764000",
        "qty": "0.17180000",
        "quoteQty": "0.00990255",
        "time": 1697105212748,
        "isBuyerMaker": true,
        "isBestMatch": true,
        "symbol": "ETHBTC"
    },
    {
        "id": 14033,
        "price": "0.05764000",
        "qty": "0.11800000",
        "quoteQty": "0.00680152",
        "time": 1697105214152,
        "isBuyerMaker": true,
        "isBestMatch": true,
        "symbol": "ETHBTC"
    },
    {
        "id": 14034,
        "price": "0.05764000",
        "qty": "0.15970000",
        "quoteQty": "0.00920510",
        "time": 1697105214166,
        "isBuyerMaker": true,
        "isBestMatch": true,
        "symbol": "ETHBTC"
    },
    {
        "id": 14035,
        "price": "0.05764000",
        "qty": "0.09030000",
        "quoteQty": "0.00520489",
        "time": 1697105215170,
        "isBuyerMaker": true,
        "isBestMatch": true,
        "symbol": "ETHBTC"
    },
    {
        "id": 14036,
        "price": "0.05764000",
        "qty": "0.15270000",
        "quoteQty": "0.00880162",
        "time": 1697105215177,
        "isBuyerMaker": true,
        "isBestMatch": true,
        "symbol": "ETHBTC"
    },
    {
        "id": 14037,
        "price": "0.05764000",
        "qty": "0.09900000",
        "quoteQty": "0.00570636",
        "time": 1697105216036,
        "isBuyerMaker": true,
        "isBestMatch": true,
        "symbol": "ETHBTC"
    },
    {
        "id": 14038,
        "price": "0.05764000",
        "qty": "0.11280000",
        "quoteQty": "0.00650179",
        "time": 1697105216965,
        "isBuyerMaker": true,
        "isBestMatch": true,
        "symbol": "ETHBTC"
    },
    {
        "id": 14039,
        "price": "0.05765000",
        "qty": "0.09720000",
        "quoteQty": "0.00560358",
        "time": 1697105245807,
        "isBuyerMaker": false,
        "isBestMatch": true,
        "symbol": "ETHBTC"
    },
    {
        "id": 14040,
        "price": "0.05767000",
        "qty": "0.09890000",
        "quoteQty": "0.00570356",
        "time": 1697105257838,
        "isBuyerMaker": false,
        "isBestMatch": true,
        "symbol": "ETHBTC"
    },
    {
        "id": 14041,
        "price": "0.05768000",
        "qty": "0.13180000",
        "quoteQty": "0.00760222",
        "time": 1697105272985,
        "isBuyerMaker": false,
        "isBestMatch": true,
        "symbol": "ETHBTC"
    },
    {
        "id": 14042,
        "price": "0.05769000",
        "qty": "0.00170000",
        "quoteQty": "0.00009807",
        "time": 1697105272985,
        "isBuyerMaker": false,
        "isBestMatch": true,
        "symbol": "ETHBTC"
    },
    {
        "id": 14043,
        "price": "0.05769000",
        "qty": "0.00340000",
        "quoteQty": "0.00019614",
        "time": 1697105273009,
        "isBuyerMaker": false,
        "isBestMatch": true,
        "symbol": "ETHBTC"
    },
    {
        "id": 14044,
        "price": "0.05769000",
        "qty": "0.14740000",
        "quoteQty": "0.00850350",
        "time": 1697105273009,
        "isBuyerMaker": false,
        "isBestMatch": true,
        "symbol": "ETHBTC"
    },
    {
        "id": 14045,
        "price": "0.05770000",
        "qty": "0.08670000",
        "quoteQty": "0.00500259",
        "time": 1697105284893,
        "isBuyerMaker": true,
        "isBestMatch": true,
        "symbol": "ETHBTC"
    },
    {
        "id": 14046,
        "price": "0.05770000",
        "qty": "0.15780000",
        "quoteQty": "0.00910506",
        "time": 1697105285913,
        "isBuyerMaker": true,
        "isBestMatch": true,
        "symbol": "ETHBTC"
    },
    {
        "id": 14047,
        "price": "0.05770000",
        "qty": "0.16990000",
        "quoteQty": "0.00980323",
        "time": 1697105326951,
        "isBuyerMaker": true,
        "isBestMatch": true,
        "symbol": "ETHBTC"
    },
    {
        "id": 14048,
        "price": "0.05770000",
        "qty": "0.09190000",
        "quoteQty": "0.00530263",
        "time": 1697105328022,
        "isBuyerMaker": true,
        "isBestMatch": true,
        "symbol": "ETHBTC"
    },
    {
        "id": 14049,
        "price": "0.05770000",
        "qty": "0.09880000",
        "quoteQty": "0.00570076",
        "time": 1697105328851,
        "isBuyerMaker": true,
        "isBestMatch": true,
        "symbol": "ETHBTC"
    },
    {
        "id": 14050,
        "price": "0.05770000",
        "qty": "0.14740000",
        "quoteQty": "0.00850498",
        "time": 1697105329244,
        "isBuyerMaker": true,
        "isBestMatch": true,
        "symbol": "ETHBTC"
    },
    {
        "id": 14051,
        "price": "0.05770000",
        "qty": "0.15430000",
        "quoteQty": "0.00890311",
        "time": 1697105331726,
        "isBuyerMaker": true,
        "isBestMatch": true,
        "symbol": "ETHBTC"
    },
    {
        "id": 14052,
        "price": "0.05770000",
        "qty": "0.14740000",
        "quoteQty": "0.00850498",
        "time": 1697105332760,
        "isBuyerMaker": true,
        "isBestMatch": true,
        "symbol": "ETHBTC"
    },
    {
        "id": 14053,
        "price": "0.05770000",
        "qty": "0.10230000",
        "quoteQty": "0.00590271",
        "time": 1697105333673,
        "isBuyerMaker": true,
        "isBestMatch": true,
        "symbol": "ETHBTC"
    },
    {
        "id": 14054,
        "price": "0.05770000",
        "qty": "0.08300000",
        "quoteQty": "0.00478910",
        "time": 1697105335532,
        "isBuyerMaker": true,
        "isBestMatch": true,
        "symbol": "ETHBTC"
    },
    {
        "id": 14055,
        "price": "0.05769000",
        "qty": "0.15610000",
        "quoteQty": "0.00900540",
        "time": 1697105369066,
        "isBuyerMaker": true,
        "isBestMatch": true,
        "symbol": "ETHBTC"
    },
    {
        "id": 14056,
        "price": "0.05769000",
        "qty": "0.10580000",
        "quoteQty": "0.00610360",
        "time": 1697105369571,
        "isBuyerMaker": true,
        "isBestMatch": true,
        "symbol": "ETHBTC"
    },
    {
        "id": 14057,
        "price": "0.05769000",
        "qty": "0.09020000",
        "quoteQty": "0.00520363",
        "time": 1697105370198,
        "isBuyerMaker": true,
        "isBestMatch": true,
        "symbol": "ETHBTC"
    },
    {
        "id": 14058,
        "price": "0.05769000",
        "qty": "0.09540000",
        "quoteQty": "0.00550362",
        "time": 1697105370734,
        "isBuyerMaker": true,
        "isBestMatch": true,
        "symbol": "ETHBTC"
    },
    {
        "id": 14059,
        "price": "0.05769000",
        "qty": "0.13010000",
        "quoteQty": "0.00750546",
        "time": 1697105371632,
        "isBuyerMaker": true,
        "isBestMatch": true,
        "symbol": "ETHBTC"
    },
    {
        "id": 14060,
        "price": "0.05769000",
        "qty": "0.15090000",
        "quoteQty": "0.00870542",
        "time": 1697105372417,
        "isBuyerMaker": true,
        "isBestMatch": true,
        "symbol": "ETHBTC"
    },
    {
        "id": 14061,
        "price": "0.05769000",
        "qty": "0.09370000",
        "quoteQty": "0.00540555",
        "time": 1697105373223,
        "isBuyerMaker": true,
        "isBestMatch": true,
        "symbol": "ETHBTC"
    },
    {
        "id": 14062,
        "price": "0.05769000",
        "qty": "0.09540000",
        "quoteQty": "0.00550362",
        "time": 1697105374926,
        "isBuyerMaker": true,
        "isBestMatch": true,
        "symbol": "ETHBTC"
    },
    {
        "id": 14063,
        "price": "0.05769000",
        "qty": "0.10420000",
        "quoteQty": "0.00601129",
        "time": 1697105375107,
        "isBuyerMaker": true,
        "isBestMatch": true,
        "symbol": "ETHBTC"
    },
    {
        "id": 14064,
        "price": "0.05769000",
        "qty": "0.03970000",
        "quoteQty": "0.00229029",
        "time": 1697105386470,
        "isBuyerMaker": false,
        "isBestMatch": true,
        "symbol": "ETHBTC"
    },
    {
        "id": 14065,
        "price": "0.05770000",
        "qty": "0.05740000",
        "quoteQty": "0.00331198",
        "time": 1697105387689,
        "isBuyerMaker": false,
        "isBestMatch": true,
        "symbol": "ETHBTC"
    },
    {
        "id": 14066,
        "price": "0.05771000",
        "qty": "0.11090000",
        "quoteQty": "0.00640003",
        "time": 1697105389337,
        "isBuyerMaker": false,
        "isBestMatch": true,
        "symbol": "ETHBTC"
    },
    {
        "id": 14067,
        "price": "0.05772000",
        "qty": "0.11270000",
        "quoteQty": "0.00650504",
        "time": 1697105467616,
        "isBuyerMaker": false,
        "isBestMatch": true,
        "symbol": "ETHBTC"
    },
    {
        "id": 14068,
        "price": "0.05773000",
        "qty": "0.09360000",
        "quoteQty": "0.00540352",
        "time": 1697105531082,
        "isBuyerMaker": false,
        "isBestMatch": true,
        "symbol": "ETHBTC"
    },
    {
        "id": 14069,
        "price": "0.05774000",
        "qty": "0.11260000",
        "quoteQty": "0.00650152",
        "time": 1697105586921,
        "isBuyerMaker": true,
        "isBestMatch": true,
        "symbol": "ETHBTC"
    },
    {
        "id": 14070,
        "price": "0.05774000",
        "qty": "0.12650000",
        "quoteQty": "0.00730411",
        "time": 1697105588982,
        "isBuyerMaker": true,
        "isBestMatch": true,
        "symbol": "ETHBTC"
    },
    {
        "id": 14071,
        "price": "0.05774000",
        "qty": "0.16630000",
        "quoteQty": "0.00960216",
        "time": 1697105589931,
        "isBuyerMaker": true,
        "isBestMatch": true,
        "symbol": "ETHBTC"
    },
    {
        "id": 14072,
        "price": "0.05774000",
        "qty": "0.12820000",
        "quoteQty": "0.00740226",
        "time": 1697105592267,
        "isBuyerMaker": true,
        "isBestMatch": true,
        "symbol": "ETHBTC"
    },
    {
        "id": 14073,
        "price": "0.05774000",
        "qty": "0.12300000",
        "quoteQty": "0.00710202",
        "time": 1697105595526,
        "isBuyerMaker": true,
        "isBestMatch": true,
        "symbol": "ETHBTC"
    },
    {
        "id": 14074,
        "price": "0.05774000",
        "qty": "0.11610000",
        "quoteQty": "0.00670361",
        "time": 1697105595990,
        "isBuyerMaker": true,
        "isBestMatch": true,
        "symbol": "ETHBTC"
    },
    {
        "id": 14075,
        "price": "0.05774000",
        "qty": "0.12300000",
        "quoteQty": "0.00710202",
        "time": 1697105597293,
        "isBuyerMaker": true,
        "isBestMatch": true,
        "symbol": "ETHBTC"
    },
    {
        "id": 14076,
        "price": "0.05774000",
        "qty": "0.10570000",
        "quoteQty": "0.00610311",
        "time": 1697105598891,
        "isBuyerMaker": true,
        "isBestMatch": true,
        "symbol": "ETHBTC"
    },
    {
        "id": 14077,
        "price": "0.05773000",
        "qty": "0.13000000",
        "quoteQty": "0.00750490",
        "time": 1697105763361,
        "isBuyerMaker": false,
        "isBestMatch": true,
        "symbol": "ETHBTC"
    },
    {
        "id": 14078,
        "price": "0.05772000",
        "qty": "0.09710000",
        "quoteQty": "0.00560461",
        "time": 1697105891148,
        "isBuyerMaker": false,
        "isBestMatch": true,
        "symbol": "ETHBTC"
    },
    {
        "id": 14079,
        "price": "0.05773000",
        "qty": "0.10400000",
        "quoteQty": "0.00600392",
        "time": 1697105898591,
        "isBuyerMaker": false,
        "isBestMatch": true,
        "symbol": "ETHBTC"
    },
    {
        "id": 14080,
        "price": "0.05772000",
        "qty": "0.10570000",
        "quoteQty": "0.00610100",
        "time": 1697106090157,
        "isBuyerMaker": false,
        "isBestMatch": true,
        "symbol": "ETHBTC"
    },
    {
        "id": 14081,
        "price": "0.05772000",
        "qty": "0.11270000",
        "quoteQty": "0.00650504",
        "time": 1697106093485,
        "isBuyerMaker": false,
        "isBestMatch": true,
        "symbol": "ETHBTC"
    },
    {
        "id": 14082,
        "price": "0.05772000",
        "qty": "0.09190000",
        "quoteQty": "0.00530446",
        "time": 1697106094480,
        "isBuyerMaker": false, "is